<record><leader>00000cas a22000007a 4500</leader><controlfield tag="001">10954831</controlfield><controlfield tag="008">840716c18719999iauwr ne      0    0eng d</controlfield><controlfield tag="009">3781</controlfield><datafield ind1=" " ind2=" " tag="010"><subfield code="a">sn 84027202 </subfield></datafield><datafield ind1=" " ind2=" " tag="040"><subfield code="a">NPU</subfield><subfield code="b">eng</subfield><subfield code="c">NPU</subfield><subfield code="d">NPX</subfield><subfield code="d">INP</subfield><subfield code="d">OCLCQ</subfield></datafield><datafield ind1=" " ind2=" " tag="042"><subfield code="a">msc</subfield></datafield><datafield ind1="0" ind2="4" tag="245"><subfield code="a">The Manchester press.</subfield></datafield><datafield ind1=" " ind2=" " tag="260"><subfield code="a">Manchester, Delaware Co., Iowa :</subfield><subfield code="b">H.L. Rann,</subfield><subfield code="c">1871-</subfield></datafield><datafield ind1=" " ind2=" " tag="300"><subfield code="a">v. :</subfield><subfield code="b">ill. ;</subfield><subfield code="c">64 cm.</subfield></datafield><datafield ind1=" " ind2=" " tag="310"><subfield code="a">Weekly</subfield></datafield><datafield ind1="0" ind2=" " tag="362"><subfield code="a">Vol. 1, no. 1 (June 16, 1871)-</subfield></datafield><datafield ind1=" " ind2=" " tag="500"><subfield code="a">Publisher varies.</subfield></datafield><datafield ind1=" " ind2=" " tag="752"><subfield code="a">United States</subfield><subfield code="b">Iowa</subfield><subfield code="c">Delaware</subfield><subfield code="d">Manchester.</subfield></datafield><datafield ind1="0" ind2=" " tag="777"><subfield code="t">Manchester Democrat-radio</subfield><subfield code="w">(DLC)sn 88059232</subfield><subfield code="g">Nov. 1930-June 6, 1988</subfield></datafield><datafield ind1="0" ind2="5" tag="780"><subfield code="t">Manchester Democrat-radio</subfield><subfield code="w">(DLC)sn 88059232</subfield><subfield code="g">June 14, 1988</subfield></datafield></record>